@article{aldous-1999,
  author       = {given-i=D., given=David, family=Aldous and given-i=P., given=Persi, family=Diaconis},
  date         = {1999},
  doi          = {10.1090/s0273-0979-99-00796-x},
  journaltitle = {Bulletin of the American Mathematical Society},
  language     = {american},
  number       = {4},
  pages        = {413--432},
  title        = {Longest increasing subsequences: from patience sorting to the Baik-Deift-Johansson theorem},
  volume       = {36}
}

@article{DBLP:journals/corr/Zhu0WW16,
  author     = {Daxin Zhu and
                Lei Wang and
                Tinran Wang and
                Xiaodong Wang},
  title      = {A simple linear space algorithm for computing a longest common increasing
                subsequence},
  journal    = {CoRR},
  volume     = {abs/1608.07002},
  year       = {2016},
  eprinttype = {arXiv},
  eprint     = {1608.07002},
  timestamp  = {Mon, 13 Aug 2018 16:46:53 +0200},
  biburl     = {https://dblp.org/rec/journals/corr/Zhu0WW16.bib},
  bibsource  = {dblp computer science bibliography, https://dblp.org}
}
